@misc{viewmayb27:online,
author = {Steve Downey},
title = {A view of 0 or 1 elements: views::maybe},
howpublished = {\url{https://github.com/steve-downey/view_maybe/blob/master/papers/view-maybe.tex}},
month = {07},
year = {2022},
note = {(Accessed on 08/15/2022)}
}